<?xml version="1.0" encoding="UTF-8"?><collection xmlns="http://www.loc.gov/MARC21/slim"><record><leader>00614nam--2200193-i-4500</leader><controlfield tag="001">000009905</controlfield><controlfield tag="002">20161230</controlfield><controlfield tag="005">20161230201028</controlfield><controlfield tag="008">060222s1000------------r-----000-0-rus-d</controlfield><datafield ind1=" " ind2=" " tag="040"><subfield code="a">IFIN-HH</subfield></datafield><datafield ind1=" " ind2=" " tag="041"><subfield code="a">rus</subfield></datafield><datafield ind1=" " ind2=" " tag="080"><subfield code="a">539.12.08</subfield></datafield><datafield ind1="1" ind2=" " tag="110"><subfield code="a">Sovet Ekonomiceskoi Vzaimopomosi</subfield></datafield><datafield ind1="1" ind2="0" tag="245"><subfield code="a">Novie metodi individualnoi dozimetrii</subfield><subfield code="b">Sbornik dokladov g.gradet kralove, cssr mai 1977g</subfield></datafield><datafield ind1=" " ind2=" " tag="260"><subfield code="a">Gradet Kralove</subfield><subfield code="b">Sovet Ekonomiceskoi Vzaimopomosi</subfield><subfield code="c">1977</subfield></datafield><datafield ind1=" " ind2=" " tag="300"><subfield code="a">387P</subfield></datafield><datafield ind1=" " ind2=" " tag="490"><subfield code="a">Cehoslovatkaia Komissia Po Atomnoi Energii/Praga 1977</subfield></datafield><datafield ind1=" " ind2=" " tag="852"><subfield code="a">44750</subfield><subfield code="c">539.1.07:539.1.08</subfield></datafield><datafield ind1=" " ind2=" " tag="CAT"><subfield code="a">Sys</subfield><subfield code="c">20111026</subfield><subfield code="h">155034</subfield></datafield></record></collection>